@article{Calafiura2005zz,
      author         = "{Calafiura, P. and Lavrijsen, W. and Leggett, C. and Marino, M. and Quarrie, D.}",
      title          = "{The athena control framework in production, new developments and lessons learned}",
      pages          = "456-458",
      year           = "2005",
      SLACcitation   = "%%CITATION = INSPIRE-707328;%%",
}

@article{Seymour1995163,
title = "Heavy quark pair multiplicity in e$^+$e$^âˆ’$ events",
journal = "Nuclear Physics B",
volume = "436",
number = "1-2",
pages = "163-183",
year = "1995",
note = "",
issn = "0550-3213",
doi = "10.1016/0550-3213(94)00565-V",
url = "http://www.sciencedirect.com/science/article/pii/055032139400565V",
author = "M.H. Seymour"
}

@article{CamAchem,
  author="{Yu.L. Dokshitzer and G.D. Leder and S. Moretti and B.R. Webber}",
  title="{Better jet clustering algorithms}",
  journal="{Journal of High Energy Physics}",
  volume="{1997}",
  number="{08}",
  pages="{001}",
  url="{http://stacks.iop.org/1126-6708/1997/i=08/a=001}",
  year="{1997}",
}

@article{GSP,
      author         = "Marchesini, G. and Onogfri, E.",
      title          = "{Exact solution of BFKL equation in jet-physics}",
      journal        = "JHEP",
      volume         = "0407",
      pages          = "031",
      year           = "2004",
      eprint         = "hep-ph/0404242",
      archivePrefix  = "arXiv",
      primaryClass   = "hep-ph",
}

@article{Abe:1999vw,
      author         = "Abe, Toshinori and others",
      title          = "{A Preliminary measurement of the gluon splitting rate into b anti-b pairs in hadronic Z0 decays}",
      collaboration  = "SLD Collaboration",
      year           = "1999",
      eprint         = "hep-ex/9905057",
      archivePrefix  = "arXiv",
      primaryClass   = "hep-ex",
      reportNumber   = "SLAC-PUB-8169",
      SLACcitation   = "%%CITATION = HEP-EX/9905057;%%",
}

@article{Abreu:1997nf,
      author         = "Abreu, P. and others",
      title          = "{Measurement of the multiplicity of gluons splitting to
                        bottom quark pairs in hadronic Z0 decays}",
      collaboration  = "DELPHI Collaboration",
      journal        = "Phys.Lett.",
      volume         = "B405",
      pages          = "202-214",
      doi            = "10.1016/S0370-2693(97)00608-4",
      year           = "1997",
      reportNumber   = "CERN-PPE-97-039, CERN-PPE-97-39",
      SLACcitation   = "%%CITATION = PHLTA,B405,202;%%",
}

@article{Norrbin:2000zc,
      author         = "Norrbin, E. and Sjostrand, T.",
      title          = "{Production and hadronization of heavy quarks}",
      journal        = "Eur.Phys.J.",
      volume         = "C17",
      pages          = "137-161",
      doi            = "10.1007/s100520000460",
      year           = "2000",
      eprint         = "hep-ph/0005110",
      archivePrefix  = "arXiv",
      primaryClass   = "hep-ph",
      reportNumber   = "LU-TP-00-16",
      SLACcitation   = "%%CITATION = HEP-PH/0005110;%%",
}

@article{PhysRev.75.486,
  title = {The Radiation Theories of Tomonaga, Schwinger, and Feynman},
  author = {Dyson, F. J.},
  journal = {Phys. Rev.},
  volume = {75},
  issue = {3},
  pages = {486--502},
  year = {1949},
  month = {Feb},
  doi = {10.1103/PhysRev.75.486},
  url = {http://link.aps.org/doi/10.1103/PhysRev.75.486},
  publisher = {American Physical Society}
}

@article{Glashow1961579,
title = "Partial-symmetries of weak interactions",
journal = "Nuclear Physics",
volume = "22",
number = "4",
pages = "579 - 588",
year = "1961",
note = "",
issn = "0029-5582",
doi = "10.1016/0029-5582(61)90469-2",
url = "http://www.sciencedirect.com/science/article/pii/0029558261904692",
author = "Sheldon L. Glashow"
}

@article{Salam1964168,
title = "Electromagnetic and weak interactions",
journal = "Physics Letters",
volume = "13",
number = "2",
pages = "168 - 171",
year = "1964",
note = "",
issn = "0031-9163",
doi = "10.1016/0031-9163(64)90711-5",
url = "http://www.sciencedirect.com/science/article/pii/0031916364907115",
author = "A. Salam and J.C. Ward"
}

@article{PhysRevLett.19.1264,
  title = {A Model of Leptons},
  author = {Weinberg, Steven},
  journal = {Phys. Rev. Lett.},
  volume = {19},
  issue = {21},
  pages = {1264--1266},
  year = {1967},
  month = {Nov},
  doi = {10.1103/PhysRevLett.19.1264},
  url = {http://link.aps.org/doi/10.1103/PhysRevLett.19.1264},
  publisher = {American Physical Society}
}

@article{Banner1983476,
title = "Observation of single isolated electrons of high transverse momentum in events with missing transverse energy at the CERN pp collider",
journal = "Physics Letters B",
volume = "122",
number = "5-6",
pages = "476-485",
year = "1983",
note = "",
issn = "0370-2693",
doi = "10.1016/0370-2693(83)91605-2",
url = "http://www.sciencedirect.com/science/article/pii/0370269383916052",
author = "Banner, M and others"
}

@article{Arnison1983398,
title = "Experimental observation of lepton pairs of invariant mass around 95 GeV/c2 at the CERN SPS collider",
journal = "Physics Letters B",
volume = "126",
number = "5",
pages = "398 - 410",
year = "1983",
note = "",
issn = "0370-2693",
doi = "10.1016/0370-2693(83)90188-0",
url = "http://www.sciencedirect.com/science/article/pii/0370269383901880",
author = "Arnison, G. and others"
}


@article{PhysRevLett.35.1609,
  title = {Evidence for Jet Structure in Hadron Production by ${e}^{+}{e}^{-}$ Annihilation},
  author = {Hanson, G. and Abrams, G. S. and Boyarski, A. M. and Breidenbach, M. and Bulos, F. and Chinowsky, W. and Feldman, G. J. and Friedberg, C. E. and Fryberger, D. and Goldhaber, G. and Hartill, D. L. and Jean-Marie, B. and Kadyk, J. A. and Larsen, R. R. and Litke, A. M. and L\"uke, D. and Lulu, B. A. and L\"uth, V. and Lynch, H. L. and Morehouse, C. C. and Paterson, J. M. and Perl, M. L. and Pierre, F. M. and Pun, T. P. and Rapidis, P. A. and Richter, B. and Sadoulet, B. and Schwitters, R. F. and Tanenbaum, W. and Trilling, G. H. and Vannucci, F. and Whitaker, J. S. and Winkelmann, F. C. and Wiss, J. E.},
  journal = {Phys. Rev. Lett.},
  volume = {35},
  issue = {24},
  pages = {1609--1612},
  year = {1975},
  month = {Dec},
  doi = {10.1103/PhysRevLett.35.1609},
  url = {http://link.aps.org/doi/10.1103/PhysRevLett.35.1609},
  publisher = {American Physical Society}
}

@article{ALPGEN,
  author={Michelangelo L. Mangano and Fulvio Piccinini and Antonio D. Polosa and Mauro Moretti and Roberto Pittau},
  title={ALPGEN, a generator for hard multiparton processes in hadronic collisions},
  journal={Journal of High Energy Physics},
  volume={2003},
  number={07},
  pages={001},
  url={http://stacks.iop.org/1126-6708/2003/i=07/a=001},
  year={2003},
 }


@article{MADGRAPH,
  author={Johan Alwall and Pavel Demin and Simon de Visscher and Rikkert Frederix and Michel Herquet and Fabio Maltoni and Tilman
Plehn and David L. Rainwater and Tim Stelzer},
  title={MadGraph/MadEvent v4: the new web generation},
  journal={Journal of High Energy Physics},
  volume={2007},
  number={09},
  pages={028},
  url={http://stacks.iop.org/1126-6708/2007/i=09/a=028},
  year={2007},
}
	
@article{LUNDMODEL,
title = "Parton fragmentation and string dynamics",
journal = "Physics Reports",
volume = "97",
number = "2-3",
pages = "31-145",
year = "1983",
note = "",
issn = "0370-1573",
doi = "10.1016/0370-1573(83)90080-7",
url = "http://www.sciencedirect.com/science/article/pii/0370157383900807",
author = "B. Andersson and G. Gustafson and G. Ingelman and T. Sjostrand"
}


@article{GavinLectures,
      author ="{Salam, G.P.}", 
      title        = "{Ellements of QCD for hadron colliders}",
      journal      = "CERN-2010-002",
      month        = "Jan",
      url          = {http://arxiv.org/abs/1011.5131},
      year         = "2011",
}

@article{SISCone,
  author={Salam, G.P. and Soyez, G.},
  title={A practical seedless infrared-safe cone jet algorithm},
  journal={Journal of High Energy Physics},
  volume={2007},
  number={05},
  pages={086},
  url={http://stacks.iop.org/1126-6708/2007/i=05/a=086},
  year={2007},
}


@article{PhysRevLett.107.172001,
  title = {Quark and Gluon Tagging at the LHC},
  author = {Gallicchio, Jason and Schwartz, Matthew D.},
  journal = {Phys. Rev. Lett.},
  volume = {107},
  issue = {17},
  pages = {172001},
  numpages = {5},
  year = {2011},
  month = {Oct},
  doi = {10.1103/PhysRevLett.107.172001},
  url = {http://link.aps.org/doi/10.1103/PhysRevLett.107.172001},
  publisher = {American Physical Society}
}


@article{ATLAS-CONF-2011-053,
      author ="{ATLAS Collaboration}", 
      title        = "Light-quark and Gluon Jets in ATLAS",
      journal       = "ATLAS-CONF-2011-053",
      year         = "2011",
}

@article{Buskulic1996353,
title = "Quark and gluon jet properties in symmetric three-jet events",
journal = "Physics Letters B",
volume = "384",
number = "1-4",
pages = "353-364",
year = "1996",
note = "",
issn = "0370-2693",
doi = "10.1016/0370-2693(96)00849-0",
url = "http://www.sciencedirect.com/science/article/pii/0370269396008490",
author = "D. Buskulic and others",
}

@article{PhysRevD.82.095012,
  title = {Discovering Higgs bosons of the MSSM using jet substructure},
  author = {Kribs, Graham D. and Martin, Adam and Roy, Tuhin S. and Spannowsky, Michael},
  journal = {Phys. Rev. D},
  volume = {82},
  issue = {9},
  pages = {095012},
  numpages = {16},
  year = {2010},
  month = {Nov},
  doi = {10.1103/PhysRevD.82.095012},
  url = {http://link.aps.org/doi/10.1103/PhysRevD.82.095012},
  publisher = {American Physical Society}
}

@article{PhysRevD.44.601,
  title = {Measurement of QCD jet broadening in $p\overline{p}$ collisions at $\sqrt{s}=1.8$ TeV},
  author = {Abe, F. and others},
  collaboration = {(CDF Collaboration)},
  journal = {Phys. Rev. D},
  volume = {44},
  issue = {3},
  pages = {601--616},
  year = {1991},
  month = {Aug},
  doi = {10.1103/PhysRevD.44.601},
  url = {http://link.aps.org/doi/10.1103/PhysRevD.44.601},
  publisher = {American Physical Society}
}

@article{Catani1992269,
title = "Jet broadening measures in e+eâˆ’ annihilation",
journal = "Physics Letters B",
volume = "295",
number = "3â€“4",
pages = "269 - 276",
year = "1992",
note = "",
issn = "0370-2693",
doi = "10.1016/0370-2693(92)91565-Q",
url = "http://www.sciencedirect.com/science/article/pii/037026939291565Q",
author = "S. Catani and G. Turnock and B.R. Webber"
}

@article {MultivariateDiscrim,
   author = {Gallicchio, Jason and Huth, John and Kagan, Michael and Schwartz, Matthew and Black, Kevin and Tweedie, Brock},
   affiliation = {Jefferson Physical Laboratory, Harvard University, Cambridge, MA 02138, U.S.A.},
   title = {Multivariate discrimination and the Higgs+W/Z search},
   journal = {Journal of High Energy Physics},
   publisher = {Springer Berlin / Heidelberg},
   issn = {1029-8479},
   keyword = {Physics and Astronomy},
   pages = {1-41},
   volume = {2011},
   issue = {4},
   url = {http://dx.doi.org/10.1007/JHEP04(2011)069},
   note = {10.1007/JHEP04(2011)069},
   year = {2011}
}

@article{PhysRevLett.105.022001,
  title = {Seeing in Color: Jet Superstructure},
  author = {Gallicchio, Jason and Schwartz, Matthew D.},
  journal = {Phys. Rev. Lett.},
  volume = {105},
  issue = {2},
  pages = {022001},
  numpages = {4},
  year = {2010},
  month = {Jul},
  doi = {10.1103/PhysRevLett.105.022001},
  url = {http://link.aps.org/doi/10.1103/PhysRevLett.105.022001},
  publisher = {American Physical Society}
}


@article{ATLAS-CONF-2011-073,
      author ="{ATLAS Collaboration}", 
      title        = "{Measurement of Jet Mass and Substructure for Inclusive Jetsin $\sqrt{s} =$ 7~TeV pp Collisions with the ATLAS Experiment}",
      journal = "ATLAS-CONF-2011-073",
      month        = "May",
      year         = "2011",
}


@article{Abbiendi:2007aa,
      author         = "Abbiendi, G. and others",
      title          = "{Measurement of alpha(s) with Radiative Hadronic Events}",
      collaboration  = "OPAL Collaboration",
      year           = "2007",
      eprint         = "0902.1128",
      archivePrefix  = "arXiv",
      primaryClass   = "hep-ex",
      reportNumber   = "CERN-PH-EP-2007-032",
      SLACcitation   = "%%CITATION = ARXIV:0902.1128;%%",
}

@article{Aad:2012np,
      author         = "Aad, Georges and others",
      title          = "{Measurement of event shapes at large momentum transfer with the ATLAS detector in pp collisions at $\sqrt{s} = 7$~TeV}",
      collaboration  = "ATLAS Collaboration",
      year           = "2012",
      eprint         = "1206.2135",
      archivePrefix  = "arXiv",
      primaryClass   = "hep-ex",
      reportNumber   = "CERN-PH-EP-2012-119, FERMILAB-PUB-12-325-E",
      SLACcitation   = "%%CITATION = ARXIV:1206.2135;%%",
}


@article {springerlink:10.1007/JHEP11(2010)101,
   author = {Ellis, Stephen and Vermilion, Christopher and Walsh, Jonathan and Hornig, Andrew and Lee, Christopher},
   affiliation = {University of Washington, Seattle, WA 98195-1560, U.S.A.},
   title = {Jet shapes and jet algorithms in SCET},
   journal = {Journal of High Energy Physics},
   publisher = {Springer Berlin / Heidelberg},
   issn = {1029-8479},
   keyword = {Physics and Astronomy},
   pages = {1-83},
   volume = {2010},
   issue = {11},
   url = {http://dx.doi.org/10.1007/JHEP11(2010)101},
   note = {10.1007/JHEP11(2010)101},
   year = {2010}
}

@phdthesis{DavidMillerThesis,
      author       = "Miller, D W and Dong, Su and Schwartzman, Ariel",
      title        = "Measurement of Hadronic Event Shapes and Jet Substructure
                      in Proton-Proton Collisions at 7.0 TeV Center-of-Mass Energy
                      with the ATLAS Detector at the Large Hadron Collider.
                      oai:cds.cern.ch:1393742",
      school       = "Stanford U.",
      address      = "Menlo Park, CA",
      year         = "2011",
      note         = "Presented 03 Jun 2011",
}

@article{ATLASJetShapes,
  title = {Study of jet shapes in inclusive jet production in $pp$ collisions at $\sqrt{s}=7\text{\,}\text{\,}\mathrm{TeV}$ using the ATLAS detector},
  author = {Aad, G. and others},
  collaboration = {ATLAS Collaboration},
  journal = {Phys. Rev. D},
  volume = {83},
  issue = {5},
  pages = {052003},
  numpages = {29},
  year = {2011},
  month = {Mar},
  doi = {10.1103/PhysRevD.83.052003},
  url = {http://link.aps.org/doi/10.1103/PhysRevD.83.052003},
  publisher = {American Physical Society}
}

@article{pruning,
  title = {Techniques for improved heavy particle searches with jet substructure},
  author = {Ellis, Stephen D. and Vermilion, Christopher K. and Walsh, Jonathan R.},
  journal = {Phys. Rev. D},
  volume = {80},
  issue = {5},
  pages = {051501},
  numpages = {5},
  year = {2009},
  month = {Sep},
  doi = {10.1103/PhysRevD.80.051501},
  url = {http://link.aps.org/doi/10.1103/PhysRevD.80.051501},
  publisher = {American Physical Society}
}


@article{ATLASBoostedHbb,
      author ="{ATLAS Collaboration}", 
      title        = "ATLAS Sensitivity to the Standard Model Higgs in the HW and HZ Channels at High Transverse Momenta",
      journal       = "ATL-PHYS-PUB-2009-088",
      month        = "Aug",
      year         = "2009",
}


@article{angularities,
  title = {Event shape\char21{}energy flow correlations},
  author = {Berger, Carola F. and K\'ucs, Tibor and Sterman, George},
  journal = {Phys. Rev. D},
  volume = {68},
  issue = {1},
  pages = {014012},
  numpages = {25},
  year = {2003},
  month = {Jul},
  doi = {10.1103/PhysRevD.68.014012},
  url = {http://link.aps.org/doi/10.1103/PhysRevD.68.014012},
  publisher = {American Physical Society}
}


@article{PhysRevD.79.074012,
  title = {Top quark jets at the LHC},
  author = {Almeida, Leandro G. and Lee, Seung J. and Perez, Gilad and Sung, Ilmo and Virzi, Joseph},
  journal = {Phys. Rev. D},
  volume = {79},
  issue = {7},
  pages = {074012},
  numpages = {25},
  year = {2009},
  month = {Apr},
  doi = {10.1103/PhysRevD.79.074012},
  url = {http://link.aps.org/doi/10.1103/PhysRevD.79.074012},
  publisher = {American Physical Society}
}

@article{Catani1992445,
title = "{Average number of jets in e+eâˆ’ annihilation}",
journal = "Nuclear Physics B",
volume = "377",
number = "3",
pages = "445 - 460",
year = "1992",
note = "",
issn = "0550-3213",
doi = "10.1016/0550-3213(92)90296-N",
url = "http://www.sciencedirect.com/science/article/pii/055032139290296N",
author = "Catani S. and Dokshitzer Y.L. and Fiorani F. and Webber B.R.",
}


@article{Snihur1999494,
title = "Subjet multiplicity in quark and gluon jets at D0",
journal = "Nuclear Physics B - Proceedings Supplements",
volume = "79",
number = "1â€“3",
pages = "494 - 496",
year = "1999",
note = "Proceedings of the 7th International Workshop on Deep Inelastic Scattering and QCD",
issn = "0920-5632",
doi = "10.1016/S0920-5632(99)00764-1",
url = "http://www.sciencedirect.com/science/article/pii/S0920563299007641",
author = "R. Snihur"
}

@article{Abdesselam:2010pt,
      author         = "Abdesselam, A. and Kuutmann, E. Bergeaas and Bitenc, U.
                        and Brooijmans, G. and Butterworth, J. and others",
      title          = "{Boosted objects: A Probe of beyond the Standard Model
                        physics}",
      journal        = "Eur.Phys.J.",
      volume         = "C71",
      pages          = "1661",
      doi            = "10.1140/epjc/s10052-011-1661-y",
      year           = "2011",
      eprint         = "1012.5412",
      archivePrefix  = "arXiv",
      primaryClass   = "hep-ph",
      reportNumber   = "SLAC-PUB-15081, FERMILAB-PUB-10-617-CMS",
      SLACcitation   = "%%CITATION = ARXIV:1012.5412;%%",
}


@article{Zweig:1964jf,
      author         = "{Zweig, G.}",
      title          = "{An SU(3) model for strong interaction symmetry and its breaking.}",
      year           = "1964",
      reportNumber   = "CERN-TH-412, NP-14146",
      SLACcitation   = "%%CITATION = CERN-TH-412 ETC.;%%",
}

@article{Zweig2,
      author         = "Zweig, G.",
      title          = "{An SU(3) model for strong interaction symmetry and its breaking}",
      year           = "1964",
      reportNumber   = "CERN-TH-412, NP-14146",
      SLACcitation   = "%%CITATION = CERN-TH-412 ETC.;%%",
}

@article{GellMann1964214,
title = "A schematic model of baryons and mesons",
journal = "Physics Letters",
volume = "8",
number = "3",
pages = "214 - 215",
year = "1964",
note = "",
issn = "0031-9163",
doi = "10.1016/S0031-9163(64)92001-3",
url = "http://www.sciencedirect.com/science/article/pii/S0031916364920013",
author = "M. Gell-Mann"
}

@article{PhysRevLett.23.1415,
  title = {Very High-Energy Collisions of Hadrons},
  author = {Feynman, Richard P.},
  journal = {Phys. Rev. Lett.},
  volume = {23},
  issue = {24},
  pages = {1415--1417},
  year = {1969},
  month = {Dec},
  doi = {10.1103/PhysRevLett.23.1415},
  url = {http://link.aps.org/doi/10.1103/PhysRevLett.23.1415},
  publisher = {American Physical Society}
}


@article{Fritzsch1973365,
title = "Advantages of the color octet gluon picture",
journal = "Physics Letters B",
volume = "47",
number = "4",
pages = "365 - 368",
year = "1973",
note = "",
issn = "0370-2693",
doi = "10.1016/0370-2693(73)90625-4",
url = "http://www.sciencedirect.com/science/article/pii/0370269373906254",
author = "H. Fritzsch and M. Gell-Mann and H. Leutwyler",
}

@article{PhysRevLett.74.2626,
  title = {Observation of Top Quark Production in $\overline{\mathit{p}}\mathit{p}$ Collisions with the Collider Detector at Fermilab},
  author = {Abe, F. and others},
  collaboration = {CDF Collaboration},
  journal = {Phys. Rev. Lett.},
  volume = {74},
  issue = {14},
  pages = {2626--2631},
  year = {1995},
  month = {Apr},
  doi = {10.1103/PhysRevLett.74.2626},
  url = {http://link.aps.org/doi/10.1103/PhysRevLett.74.2626},
  publisher = {American Physical Society}
}

@article{PhysRevLett.74.2422,
  title = {Search for High Mass Top Quark Production in $\mathit{p}\overline{p}$ Collisions at $\sqrt{\mathit{s}}\phantom{\rule{0ex}{0ex}}=\phantom{\rule{0ex}{0ex}}$ 1.8 TeV},
  author = {Abachi, S. and others},
  collaboration = {D0 Collaboration},
  journal = {Phys. Rev. Lett.},
  volume = {74},
  issue = {13},
  pages = {2422--2426},
  year = {1995},
  month = {Mar},
  doi = {10.1103/PhysRevLett.74.2422},
  url = {http://link.aps.org/doi/10.1103/PhysRevLett.74.2422},
  publisher = {American Physical Society}
}


@article{Higgs1964132,
title = "Broken symmetries, massless particles and gauge fields",
journal = "Physics Letters",
volume = "12",
number = "2",
pages = "132 - 133",
year = "1964",
note = "",
issn = "0031-9163",
doi = "10.1016/0031-9163(64)91136-9",
url = "http://www.sciencedirect.com/science/article/pii/0031916364911369",
author = "P.W. Higgs"
}

@article{ATLASHiggs,
      author         = "Aad, Georges and others",
      title          = "{Observation of a new particle in the search for the Standard Model Higgs boson with the ATLAS detector at the  LHC}",
      collaboration  = "ATLAS Collaboration",
      year           = "2012",
      eprint         = "1207.7214",
      archivePrefix  = "arXiv",
      primaryClass   = "hep-ex",
      reportNumber   = "CERN-PH-EP-2012-218",
      SLACcitation   = "%%CITATION = ARXIV:1207.7214;%%",
}


@article {springerlink:10.1140/epjc/s10052-009-1072-5,
   author = {Martin, A. and Stirling, W. and Thorne, R. and Watt, G.},
   affiliation = {University of Durham Institute for Particle Physics Phenomenology Durham DH1 3LE UK},
   title = {Parton distributions for the LHC},
   journal = {The European Physical Journal C - Particles and Fields},
   publisher = {Springer Berlin / Heidelberg},
   issn = {1434-6044},
   keyword = {Physics and Astronomy},
   pages = {189-285},
   volume = {63},
   issue = {2},
   url = {http://dx.doi.org/10.1140/epjc/s10052-009-1072-5},
   note = {10.1140/epjc/s10052-009-1072-5},
   year = {2009}
}


@article {springerlink:10.1007/JHEP01(2010)109,
   author = {Aaron, F. and others},
   affiliation = {National Institute for Physics and Nuclear Engineering (NIPNE), Bucharest, Romania},
   title = {Combined measurement and QCD analysis of the inclusive &lt;i&gt;e&lt;/i&gt;&lt;sup&gt;Â±&lt;/sup&gt;&lt;i&gt;p&lt;/i&gt; scattering cross sections at HERA},
   journal = {Journal of High Energy Physics},
   publisher = {Springer Berlin / Heidelberg},
   issn = {1029-8479},
   keyword = {Physics and Astronomy},
   pages = {1-63},
   volume = {2010},
   issue = {1},
   url = {http://dx.doi.org/10.1007/JHEP01(2010)109},
   note = {10.1007/JHEP01(2010)109},
   year = {2010}
}


@article{1126-6708-2003-10-046,
  author={Daniel Stump and Joey Huston and Jon Pumplin and Wu-Ki Tung and Hung-Liang Lai and Steve Kuhlmann and Joseph Francis Owens},
  title={Inclusive jet production, parton distributions, and the search for new physics},
  journal={Journal of High Energy Physics},
  volume={2003},
  number={10},
  pages={046},
  url={http://stacks.iop.org/1126-6708/2003/i=10/a=046},
  year={2003},
}


@article{Collins:1989gx,
      author         = "Collins, John C. and Soper, Davison E. and Sterman,
                        George F.",
      title          = "{Factorization of Hard Processes in QCD}",
      journal        = "Adv.Ser.Direct.High Energy Phys.",
      volume         = "5",
      pages          = "1-91",
      year           = "1988",
      eprint         = "hep-ph/0409313",
      archivePrefix  = "arXiv",
      primaryClass   = "hep-ph",
      reportNumber   = "ITP-SB-89-31",
      SLACcitation   = "%%CITATION = HEP-PH/0409313;%%",
}

@article{Altarelli1977298,
title = "Asymptotic freedom in parton language",
journal = "Nuclear Physics B",
volume = "126",
number = "2",
pages = "298 - 318",
year = "1977",
note = "",
issn = "0550-3213",
doi = "10.1016/0550-3213(77)90384-4",
url = "http://www.sciencedirect.com/science/article/pii/0550321377903844",
author = "G. Altarelli and G. Parisi"
}


@book{Breskin:1244506,
      author       = "Breskin, Amos and Voss, Rudiger",
      title        = "The CERN Large Hadron Collider: Accelerator and
                      Experiments",
      publisher    = "CERN",
      address      = "Geneva",
      year         = "2009",
}

@article{ATLAS-CONF-2011-116,
      author ="{ATLAS Collaboration}", 
      title        = "{Luminosity Determination in pp Collisions at $\sqrt(s) =$~7 TeV using the ATLAS Detector in 2011}",
      journal      = "ATLAS-CONF-2011-116",
      month        = "Aug",
      year         = "2011",
}

@article{vanderMeer:296752,
      author       = "van der Meer, S",
      title        = "Calibration of the effective beam height in the ISR",
      journal      = "CERN-ISR-PO-68-31. ISR-PO-68-31",
      year         = "1968",
}

@article{ATLAS-CONF-2010-070,
      author ="{ATLAS Collaboration}", 
      title        = "{Tracking Studies for b-tagging with 7 TeV Collision Data with the ATLAS Detector}",
      journal      = "ATLAS-CONF-2010-070",
      year         = "2010",
}

@article{Salam.AccurateHQ,
      author        = "Banfi, Andrea and Salam, Gavin and Zanderighi, Giulia",
      title         = "Accurate QCD predictions for heavy-quark jets at the
                       Tevatron and LHC",
      journal       = "JHEP",
      volume        = "0707",
      pages         = "026",
      doi           = "10.1088/1126-6708/2007/07/026",
      year          = "2007",
      eprint        = "0704.2999",
      archivePrefix = "arXiv",
      primaryClass  = "hep-ph",
      reportNumber  = "BICOCCA-FT-07-5, CERN-PH-TH-07-067",
      SLACcitation  = "%%CITATION = ARXIV:0704.2999;%%",
}
@article{flavorkt,
      author        = "Banfi, Andrea and Salam, Gavin and Zanderighi, Giulia",
      title         = "Infrared safe definition of jet flavour",
      journal       = "Eur.Phys.J.C",
      volume        = "47",
      pages         = "022",
      doi           = "	10.1140/epjc/s2006-02552-4",
      year          = "2006",
      eprint        = "0601139",
      archivePrefix = "arXiv",
      primaryClass  = "hep-ph",
      reportNumber  = "	Bicocca-FT-05-28, Cavendish-HEP-05/25, CERN-PH-TH-06/027",
      SLACcitation  = "%%CITATION = ARXIV:0704.2999;%%",
}

@article{ATLAS-CONF-2011-089,
     author        = "{ATLAS Collaboration}",
     title        = "{Calibrating the b-Tag Efficiency and Mistag Rate in
                     35 pb$^{-1}$ of Data with the ATLAS Detector}",
     journal       = "ATLAS-CONF-2011-089",
     year         = "2011",
}

@article{Herwig,
      author         = "Corcella, G. and Knowles, I.G. and Marchesini, G. and
                        Moretti, S. and Odagiri, K. and others",
      title          = "{HERWIG 6: An Event generator for hadron emission
                        reactions with interfering gluons (including
                        supersymmetric processes)}",
      journal        = "JHEP",
      volume         = "0101",
      pages          = "010",
      year           = "2001",
      eprint         = "hep-ph/0011363",
      archivePrefix  = "arXiv",
      primaryClass   = "hep-ph",
      reportNumber   = "CAVENDISH-HEP-99-03, CERN-TH-2000-284, RAL-TR-2000-048",
}

@article{HerwigPP,
      author         = " Bahr, M and Gieseke, S. and Gigg, M.A. and Grellscheid, A. and Hamilton, K. and  Latunde-Dada, O. and Platzer, S and Richardson, P and Seymour, M.H and Sherstnev, M and others",
      title          = "{Herwig++ physics and manual}",
      journal        = "Eur.Phys.J.C",
      volume         = "58",
      pages          = "68",
      year           = "2008",
      eprint         = "hep-ph/0803.0883",
      archivePrefix  = "arXiv",
      primaryClass   = "hep-ph",
      reportNumber   = "CAVENDISH-HEP-08-03, CERN-TH-2008-038",
}

@article{1126-6708-2008-07-076,
  author={Manuel BÃ¤hr and Stefan Gieseke and Michael H. Seymour},
  title={Simulation of multiple partonic interactions in Herwig++},
  journal={Journal of High Energy Physics},
  volume={2008},
  number={07},
  pages={076},
  url={http://stacks.iop.org/1126-6708/2008/i=07/a=076},
  year={2008},
  
}
	

@article{PYTHIA6,
     author    = "Sjostrand, Torbjorn and Mrenna, Stephen and Skands, Peter",
     title     = "{PYTHIA 6.4 Physics and Manual}",
     journal   = "JHEP",
     volume    = "05",
     year      = "2006",
     pages     = "026",
     eprint    = "hep-ph/0603175",
     archivePrefix = "arXiv",
}

@article{PYTHIA8,
     author    = "Sjostrand, Torbjorn and Mrenna, Stephen and Skands, Peter",
     title     = "A Brief Introduction to PYTHIA 8.1",
     journal   = " Comput.\ Phys.\ Commun.",
     volume    = "178",
     year      = "2008",
     pages     = "852",
     eprint    = "07103820",
     archivePrefix = "arXiv",
     primaryClass  = "hep-ph",
}
 
@techreport{Pythia_MC09tune,
      title        = "ATLAS Monte Carlo tunes for MC09",
      institution  = "CERN",
      address      = "Geneva",
      number       = "ATL-PHYS-PUB-2010-002",
      month        = "Mar",
      year         = "2010",
}

@techreport{Pythia_MC11tune,
      title        = "ATLAS tunes of PYTHIA 6 and Pythia 8 for MC11",
      institution  = "CERN",
      address      = "Geneva",
      number       = "ATL-PHYS-PUB-2011-009",
      month        = "Jul",
      year         = "2011",
}

@article{Pythia_partonshowers,
   author = {Corke, R. and Sj\"ostrand, T.},
    title = "Improved parton showers at large transverse momenta",
  journal = {European Physical Journal C},
archivePrefix = "arXiv",
   eprint = {1003.2384},
 primaryClass = "hep-ph",
     year = 2010,
   volume = 69,
    pages = 1,
      doi = {10.1140/epjc/s10052-010-1409-0},
}

@article{Pythia_mpi,
   author = {Sj\"ostrand, T. and Skands, P.~Z.},
    title = "Transverse-momentum-ordered showers and interleaved multiple interactions",
  journal = {European Physical Journal C},
   eprint = {0408302},
   primaryClass = "hep-ph",
     year = 2005,
   volume = 39,
    pages = 129,
      doi = {10.1140/epjc/s2004-02084-y},
}

@article{Lund_string_model,
   author = {Andersson, B. and others},
    title = "Parton fragmentation and string dynamics",
  journal = {Phys.\ Rep.},
     year = 1983,
   volume = 97,
    pages = 31,
}

@article{Partondistributions,
   author = {{Sherstnev}, A. and {Thorne}, R.~S.},
    title = "{Parton distributions for LO generators}",
  journal = {European Physical Journal C},
archivePrefix = "arXiv",
   eprint = {0711.2473},
 primaryClass = "hep-ph",
     year = 2008,
    month = jun,
   volume = 55,
    pages = {553-575},
      doi = {10.1140/epjc/s10052-008-0610-x},
   adsurl = {http://adsabs.harvard.edu/abs/2008EPJC...55..553S},
  adsnote = {Provided by the SAO/NASA Astrophysics Data System}
}

@article{kt1,
      author         = "S. Catani and Y.L. Dokshitzer, 
                        and H. Seymour and B.R. Webber",
      title          = "{Longitudinally invariant K(t) clustering algorithms 
                        for hadron hadron collisions}",
      journal        = "Nucl.\ Phys.",
      volume         = "B406",
      pages          = "187",
      year           = "1993",
}

@article{CatchmentArea,
      author         = "M. Cacciari, G.P. Salam and Gregory Soyez",
      title          = "{The Catchment Area of Jets}",
      journal        = "JHEP",
      volume         = "0804",
      pages          = "42",
      year           = "2008",
}


@article{kt2,
      author         = "Ellis, Stephen D. and Soper, Davison E.",
      title          = "{Successive combination jet algorithm for hadron collisions}",
      journal        = "Phys.\ Rev.",
      volume         = "D48",
      pages          = "3160-3166",
      doi            = "10.1103/PhysRevD.48.3160",
      year           = "1993",
      eprint         = "hep-ph/9305266",
      archivePrefix  = "arXiv",
      primaryClass   = "hep-ph",
      reportNumber   = "CERN-TH-6860-93",
      SLACcitation   = "%%CITATION = HEP-PH/9305266;%%",
}

@article{CSC,
     author    = "Aad, G. and others",
 collaboration = "ATLAS",
     title     = "{Expected Performance of the ATLAS Experiment - Detector,
                  Trigger and Physics}",
     year      = "2009",
     eprint    = "0901.0512",
     archivePrefix = "arXiv",
     primaryClass  =  "hep-ex",
     SLACcitation  = "%%CITATION = 0901.0512;%%"
}

@article{TDR,
     author = "{ATLAS Collaboration}", 
     title        = "{ATLAS detector and physics performance: Technical Design Report, 1}",
      institution  = "CERN",
      address      = "Geneva",
      number       = "CERN-LHCC-99-14, ATLAS-TDR-14",
      year         = "1999",
}



@article{QGSP,
     author    = "Folger, G. and Wellisch, J. P.",
     title     = "{String parton models in Geant4}",
     year      = "2003",
     eprint    = "nucl-th/0306007",
     archivePrefix = "arXiv",
     SLACcitation  = "%%CITATION = NUCL-TH/0306007;%%"
}

@article{BERT,
     author    = "Bertini, H. W.",
     title     = "{Intranuclear-cascade calculation of the secondary nucleon
                  spectra from nucleon-nucleus interactions in the energy
                  range 340 to 2900 MeV and comparisons with experiment}",
     journal   = "Phys.\ Rev.",
     volume    = "188",
     year      = "1969",
     pages     = "1711-1730",
     doi       = "10.1103/PhysRev.188.1711",
     SLACcitation  = "%%CITATION = PHRVA,188,1711;%%"
}

@article{ATLAS,
     author    = "{Aad, G. and others}",
     collaboration = "The ATLAS ",
     title     = "{The ATLAS Experiment at the CERN Large Hadron Collider}",
     year      = "CERN, Geneva, 2008",
     eprint    = "JINST 3 (2008) S08003",
     archivePrefix = "hep-ex",
     SLACcitation  = "%%CITATION = 0901.0512;%%"           
}

@article{JESnote,
      author = "{ATLAS Collaboration}",
      title        = "Jet energy scale and its systematic uncertainty for jets
                      produced in proton-proton collisions at $\sqrt{s}$ = 7 TeV and measured with the ATLAS detector",
      journal       = "ATLAS-CONF-2010-056",
      year         = "2010",
}


@article{JESUncertainty,
      author         = "Aad, Georges and others",
      title          = "{Jet energy measurement with the ATLAS detector in proton-proton collisions at $\sqrt{s} = 7$~TeV}",
      year           = "2011",
      eprint         = "1112.6426",
      archivePrefix  = "arXiv",
      primaryClass   = "hep-ex",
      reportNumber   = "CERN-PH-EP-2011-191",
}

@article{RESOLUTIONnote,
      author = "{ATLAS Collaboration}",
      title        = "{Jet energy resolution and selection efficiency relative to
                      track jets from in-situ techniques with the ATLAS Detector
                      Using Proton-Proton Collisions at a Center of Mass Energy
                      $sqrt{s}=7$ TeV}",
     journal       = "ATLAS-CONF-2010-054",
      month        = "Jul",
      year         = "2010",
}

@article{ATLAS-CONF-2010-038,
      author = "{ATLAS Collaboration}",
      title        = "{Data-Quality Requirements and Event Cleaning for Jets and
                      Missing Transverse Energy Reconstruction with the ATLAS
                      Detector in Proton-Proton Collisions at a Center-of-Mass
                      Energy of $sqrt{s}=7$ TeV}",
      journal       = "ATLAS-CONF-2010-038",
      year         = "2010",
}


@article{ATLAS-CONF-2012-020,
      author = "{ATLAS Collaboration}",
      title        = "{Selection of jets produced in proton-proton collisions with the ATLAS detector using 2011 data}",
      journal       = "ATLAS-CONF-2012-020",
      year         = "2012",
}


@article{TriggerNote,
      author = "{ATLAS Collaboration}",
      title        = "{Performance of the ATLAS jet trigger with pp collisions at
                      \sqrt{s}=900GeV}",
     journal       = "ATLAS-CONF-2010-028",
      year         = "2010",
}

@article{Geant4,
      author = "S. Agostinelli and others",
      title = "Geant4 A simulation toolkit",
      journal = "{Nucl.\ Inst.\ Meth.\ Section A}",
      volume = "506",
      number = "3",
      pages = "250 - 303",
      year = "2003",
      issn = "0168-9002",
      doi = "10.1016/S0168-9002(03)01368-8"
}

@article{JADE,
     author    = "Bartel, W. and Becker, L. and   Felst, R. and  Haidt, D. and  Knies, G. and  Krehbiel, H. and Laurikainen, P. and Magnussen, N. and Meinke, R. and Naroska, B. and others",
     title     = "{Experimental studies on multijet production in $e^+e^âˆ’$ annihilation at PETRA energies}",
     journal   = "EPJ C Particles and Fields",
     volume    = "33",
     year      = "1986",
     pages     = "8",
     doi       = "10.1007/BF01410449",
}

@article{antiktalg,
     author    = "Cacciari, Matteo and Salam, Gavin P. and Soyez, Gregory",
     title     = "{The anti-$k_t$ jet clustering algorithm}",
     journal   = "JHEP",
     volume    = "04",
     year      = "2008",
     pages     = "063",
     eprint    = "0802.1189",
     archivePrefix = "arXiv",
     primaryClass  =  "hep-ph",
     doi       = "10.1088/1126-6708/2008/04/063",
     SLACcitation  = "%%CITATION = 0802.1189;%%"
}

@article{nsubjettiness,
     author    = "Thaler, Jesse and Van Tilburg, Ken",
     title     = "{Identifying Boosted Objects with N-subjettiness}",
     journal   = "JHEP",
     volume    = "1103:015",
     year      = "2011",
     pages     = "026",
     archivePrefix = "arXiv",
     primaryClass  =  "hep-ph",
     doi       = "	10.1007/JHEP03(2011)015",
     SLACcitation  = "%%CITATION = 0802.1189;%%"
}

@article {mininsubjettiness,
   author = {Thaler, Jesse and Van Tilburg, Ken},
   affiliation = {Center for Theoretical Physics, Massachusetts Institute of Technology, Cambridge, MA 02139, USA},
   title = {Maximizing boosted top identification by minimizing N-subjettiness},
   journal = {Journal of High Energy Physics},
   publisher = {Springer Berlin / Heidelberg},
   issn = {1029-8479},
   keyword = {Physics and Astronomy},
   pages = {1-33},
   volume = {2012},
   issue = {2},
   url = {http://dx.doi.org/10.1007/JHEP02(2012)093},
   note = {10.1007/JHEP02(2012)093},
   year = {2012}
}

@article{exclusivekt,
  title = {Successive combination jet algorithm for hadron collisions},
  author = {Ellis, Stephen D. and Soper, Davison E.},
  journal = {Phys. Rev. D},
  volume = {48},
  issue = {7},
  pages = {3160--3166},
  year = {1993},
  month = {Oct},
  doi = {10.1103/PhysRevD.48.3160},
  url = {http://link.aps.org/doi/10.1103/PhysRevD.48.3160},
  publisher = {American Physical Society}
}

@article{njetti,
  title = {$N$ Jettiness: An Inclusive Event Shape to Veto Jets},
  author = {Stewart, Iain W. and Tackmann, Frank J. and Waalewijn, Wouter J.},
  journal = {Phys. Rev. Lett.},
  volume = {105},
  issue = {9},
  pages = {092002},
  numpages = {4},
  year = {2010},
  month = {Aug},
  doi = {10.1103/PhysRevLett.105.092002},
  url = {http://link.aps.org/doi/10.1103/PhysRevLett.105.092002},
  publisher = {American Physical Society}
}


@article{topoClusters,
      author       = "Lampl, W and others",
      title        = "{Calorimeter Clustering Algorithms: Description and
                      Performance}",
      institution  = "CERN",
      address      = "Geneva",
      journal      = "ATL-LARG-PUB-2008-002. ATL-COM-LARG-2008-003",
      month        = "Apr",
      year         = "2008",
}

@article{jetInputs,
      author = "{ATLAS Collaboration}",
      title        = "{Properties of Jets and Inputs to Jet Reconstruction and
                      Calibration with the ATLAS Detector Using Proton-Proton
                      Collisions at $\sqrt{s}=7$ TeV}",
      institution  = "CERN",
      address      = "Geneva",
      number       = "ATLAS-CONF-2010-053",
      month        = "Jul",
      year         = "2010",
}

@article{ATLAS-CONF-2011-102,
      author = "{ATLAS Collaboration}",
      title        = "{Commissioning of the ATLAS high-performance $b$-tagging
                      algorithms in the 7 TeV collision data}",
      journal       = "ATLAS-CONF-2011-102",
      year         = "2011",
}

@article{ATLAS-CONF-2010-091,
      author = "{ATLAS Collaboration}",
      title        = "{Performance of Impact Parameter-Based $b$-tagging Algorithms with the ATLAS Detector using Proton-Proton Collisions at $\sqrt{s}$ = 7 TeV}",
     journal       = "ATLAS-CONF-2010-091",
     year         = "2010",
}

@article{ATLAS-CONF-2010-042,
      author = "{ATLAS Collaboration}",
      title        = "{Performance of the ATLAS Secondary Vertex $b$-tagging Algorithm in 7 TeV Collision Data}",
      journal       = "ATLAS-CONF-2010-042",
      year         = "2010",
}

@article{Frixione:1996nh,
      author         = "Frixione, S. and Mangano, M.L.",
      title          = "{Heavy quark jets in hadronic collisions}",
      journal        = "Nucl.Phys.",
      volume         = "B483",
      pages          = "321-338",
      doi            = "10.1016/S0550-3213(96)00577-9",
      year           = "1997",
      eprint         = "9605270",
      primaryClass   = "hep-ph",
      archivePrefix  = "arXiv",
      primaryClass   = "hep-ph",
      reportNumber   = "CERN-TH-96-085, CERN-TH-96-85, ETH-TH-96-09",
      SLACcitation   = "%%CITATION = HEP-PH/9605270;%%",
}

@article{Campbell:2006,
      author         = "Campbell, John M. and Ellis, R.Keith and Maltoni, F. and
                        Willenbrock, S.",
      title          = "{Production of a $W$ boson and two jets with one $b^-$
                        quark tag}",
      journal        = "Phys.Rev.",
      volume         = "D75",
      pages          = "054015",
      doi            = "10.1103/PhysRevD.75.054015",
      year           = "2007",
      eprint         = "0611348",
      primaryClass   = "hep-ph",
      archivePrefix  = "arXiv",
      reportNumber   = "FERMILAB-PUB-06-368-T, CP3-06-16, ILL-TH-06-07",
      SLACcitation   = "%%CITATION = HEP-PH/0611348;%%",
}

@article{ATLAS-CONF-2011-098,
      author = "{ATLAS Collaboration}",
      title        = "{Search for supersymmetry in pp collisions at $\sqrt{s}=7$TeV in final states with missing transverse momentum, $b$-jets and no leptons with the ATLAS detector}",
      journal       = "ATLAS-CONF-2011-098",
      year         = "2011",
}

@article{Hocker:2007ht,
author 	=       "Hoecker, A. and Speckmayer, P. and Stelzer, J. and Therhaag, J. and Von Toerne, E. and Voss, H.",
title 	 = 	"{TMVA: Toolkit for Multivariate Data Analysis}",
journal 	 = 	"PoS",
volume 	 = 	"ACAT",
year 	 = 	"2007",
pages 	 = 	"040",
eprint 	 = 	"physics/0703039",
archivePrefix 	 = 	"arXiv",
SLACcitation 	 = 	"%%CITATION = PHYSICS/0703039;%%", 
}

@Article{AtlasSimulation,
author 	="{ATLAS Collaboration}",
title 	 ="{The ATLAS Simulation Infrastructure}",
journal  = "Eur.Phys.J.C",
volume 	 = "70",
year 	 = "2010",
pages 	 = "051",
doi      = "10.1140/epjc/s10052-010-1429-9",
eprint 	 ="1005.4568",
archivePrefix 	 = "arXiv",
}

@techreport{Schwartzman:1122724,
      author       = "Ariel Schwartzman",
      title        = "{Identification of b-jets from gluon splitting}",
      institution  = "CERN",
      address      = "Geneva",
      number       = "ATL-PHYS-INT-2008-042. ATL-COM-PHYS-2008-121",
      month        = "Aug",
      year         = "1008",
}

@Article{fastjet,
author 	=	"Cacciari,M and Salam, G.P.",
title 	 = 	"{Dispelling the $N^{3}$ myth for the $k_t$ jet-finder}",
journal	 = 	"{Phys. Lett. B}",
volume 	 = 	"661",
year 	 = 	"2006",
pages 	 = 	"057",
eprint 	 = 	"hep-ph/0512210",
archivePrefix 	 = 	"arXiv",
SLACcitation 	 = 	"%%CITATION = PHLTA,B641,57;%%"} 

}

@Article{Perugia,
     author    = "Skands, Peter Z.",
     title     = "{The Perugia Tunes}",
     year      = "2009",
     eprint    = "0905.3418",
     archivePrefix = "arXiv",
     primaryClass  =  "hep-ph",
     SLACcitation  = "%%CITATION = 0905.3418;%%"
}

@Article{Perugia2010,
     author    = "Skands, Peter Zeiler",
     title     = "{Tuning Monte Carlo Generators: The Perugia Tunes}",
     journal   = "Phys. Rev. D",
     volume    = "82",
     year      = "2010",
     pages     = "074018",
     eprint    = "1005.3457",
     archivePrefix = "arXiv",
     primaryClass  =  "hep-ph",
     doi       = "10.1103/PhysRevD.82.074018",
     SLACcitation  = "%%CITATION = 1005.3457;%%"
}


@Article{Professor,
     author    = "Buckley, Andy and Hoeth, Hendrik and Lacker, Heiko and
                  Schulz, Holger and von Seggern, Jan Eike",
     title     = "{Systematic event generator tuning for the LHC}",
     journal   = "Eur. Phys. J. C",
     volume    = "65",
     year      = "2010",
     pages     = "331-357",
     eprint    = "0907.2973",
     archivePrefix = "arXiv",
     primaryClass  =  "hep-ph",
     doi       = "10.1140/epjc/s10052-009-1196-7",
     SLACcitation  = "%%CITATION = 0907.2973;%%"
}

@article{JetMassNote,
      author       = "Alon, R and others",
comment="%Asquith, L and Baker, S and Bergeaas Kuutmann, E and Chapleau, B and Chekanov, S and Davison, A R and Duchovni, E and Farooque, T and Ferrando, J and Gomez Fajardo, L S and Karagoz, M and Livermore, S and Lewis, A and Miller, D W and Oliver, E and Proudfoot, J and Sandoval, C and Schwartzman, A and Sinervo, P and Villaplana, M and Vos, M%",
      title        = "{Backup Note for Measurement of Jet Mass and Substructure in QCD with the ATLAS Experiment}",
  
      journal       = "ATL-COM-PHYS-2011-401",
      year         = "2011",
}

@article{chargemultiplicity,
      author         = "Aad, G. and others",
      title          = "{Charged-particle multiplicities in pp interactions
                        measured with the ATLAS detector at the LHC}",
      collaboration  = "ATLAS",
      journal        = "New J.Phys.",
      volume         = "13",
      pages          = "053033",
      doi            = "10.1088/1367-2630/13/5/053033",
      year           = "2011",
      eprint         = "1012.5104",
      archivePrefix  = "arXiv",
      primaryClass   = "hep-ex",
      SLACcitation   = "%%CITATION = ARXIV:1012.5104;%%",
}


@article{Butterworth:2008iy,
      author         = "Butterworth, Jonathan M. and Davison, Adam R. and Rubin,
                        Mathieu and Salam, Gavin P.",
      title          = "{Jet substructure as a new Higgs search channel at the
                        LHC}",
      journal        = "Phys.Rev.Lett.",
      volume         = "100",
      pages          = "242001",
      doi            = "10.1103/PhysRevLett.100.242001",
      year           = "2008",
      eprint         = "0802.2470",
      archivePrefix  = "arXiv",
      primaryClass   = "hep-ph",
      SLACcitation   = "%%CITATION = ARXIV:0802.2470;%%",
}

@article{CDFAzimutalCorrelation,
      author         = "{CDF Collaboration}",
      title          = "{Measurements of Bottom Anti-Bottom Azimuthal Production Correlations in Proton-Antiproton Collisions at $\sqrt{s}= 1.8$ TeV}",
      journal        = "Phys.Rev.D",
      volume         = "71",
      pages          = "38",
      doi            = "10.1103/PhysRevD.71.092001",
      year           = "2005",
      eprint         = "0412006",
      archivePrefix  = "arXiv",
      primaryClass   = "hep-ex",
      reportNumber   = "FERMILAB-PUB-04-370-E",
}

@article{boost2010,
   author = {Abdesselam, A. and others},
   title = {Boosted objects: a probe of beyond the standard model physics},
   journal = {The European Physical Journal C - Particles and Fields},
   publisher = {Springer Berlin / Heidelberg},
   issn = {1434-6044},
   pages = {1-19},
   volume = {71},
   issue = {6},
   year = {2011}
}

@article{boost2010b,
      author         = "Altheimer, A. and others",
      title          = "{Jet Substructure at the Tevatron and LHC: New results,
                        new tools, new benchmarks}",
      year           = "2012",
      eprint         = "1201.0008",
      archivePrefix  = "arXiv",
      primaryClass   = "hep-ph",
      SLACcitation   = "%%CITATION = ARXIV:1201.0008;%%",
}

@article{ATLAS-CONF-2010-009,
      author = "{ATLAS Collaboration}",
      title        = "{Estimating Track Momentum Resolution in Minimum Bias 
	              Events using Simulation and $K_s$ in $\sqrt{s}$ = 900 GeV
		      collision data}",
      journal       = "ATLAS-CONF-2010-009",
      year         = {2010}           
}



@article{JER2011, 
 author       = "Romeo, G. and Schwartzman, A. and Piegaia, R. and Carli,
                T. and Teuscher, R.",
 title        = "Jet Energy Resolution from In-situ Techniques with the ATLAS Detector Using Proton-Proton Collisions at a Center of Mass Energy $\sqrt{s}$ = 7 TeV",
 journal       = "ATL-COM-PHYS-2011-240",
 year         = "2011",
}

@article{JER2011NOTRELEASED,
      author = "{ATLAS Collaboration}",
      title        = "{Jet transverse momentum resolution 2011}",
      journal       = {\em Add this reference if ready before this note.},
      month        = "",
      year         = "2012",
}

@article{Bahr:2008dy,
      author         = "Bahr, Manuel and Gieseke, Stefan and Seymour, Michael H.",
      title          = "{Simulation of multiple partonic interactions in
                        Herwig++}",
      journal        = "JHEP",
      volume         = "0807",
      pages          = "076",
      year           = "2008",
      eprint         = "0803.3633",
      archivePrefix  = "arXiv",
      primaryClass   = "hep-ph",
      reportNumber   = "CERN-PH-TH-2008-055, KA-TP-08-2008",
      SLACcitation   = "%%CITATION = ARXIV:0803.3633;%%",
}

@article{ATLAS-CONF-2010-069,
      author = "{ATLAS Collaboration}",
      title  = "{Performance of primary vertex reconstruction in proton-proton collisions at $\sqrt{s}=$7 TeV in the ATLAS experiment}",
      journal      = "ATLAS-CONF-2010-069",
      year         = "2010",
}

@article{ATLAS-CONF-2010-061,
      author = "{ATLAS Collaboration}",
      title        = "{Properties of tracks in jets observed in proton-proton collisions at $\sqrt{s}=7$ TeV in the ATLAS detector}",
      journal      = "{ATLAS-CONF-2010-061}",
      month        = "Jul",
      year         = "2010",
}

@article{Busato:1271710,
     author = "{ATLAS Collaboration}",
     title        = "{Properties of Jets and Inputs to Jet Reconstruction and Calibration with the ATLAS Detector Using Proton-Proton Collisions at $\sqrt{s}=7$ TeV}",
     journal       = "ATLAS-COM-CONF-2010-055",
     year      = "2010",
}

@article{Asquith:1311867,
      author = "{ATLAS Collaboration}",
      title        = "{Performance of Jet Algorithms in the ATLAS Detector}",
      journal      = "ATL-PHYS-INT-2010-129",
      year         = "2010",
}

@article{Aharrouche2006601,
title = "{Energy linearity and resolution of the ATLAS electromagnetic barrel calorimeter in an electron test-beam}",
journal = "{Nuclear Instruments and Methods in Physics Research Section A: Accelerators, Spectrometers, Detectors and Associated Equipment}",
volume = "568",
number = "2",
pages = "601 - 623",
year = "2006",
note = "",
issn = "0168-9002",
doi = "10.1016/j.nima.2006.07.053",
url = "http://www.sciencedirect.com/science/article/pii/S0168900206013222",
author = "{Aharrouche M. and others}",
keywords = "Calorimeters",
keywords = "Particle physics",
}

@article{Cooke:1071187,
      author       = "Cooke, M and Mangeard, P S and Plamondon, M and Aleksa, M
                      and Delmastro, M and Fayard, L and Henrot-Versille, S and
                      Hubaut, F and Lafaye, R and Lampl, W and Leveque, J and
                      Ma, H and Monnier, E and Parsons, J and Pralavorio, P and
                      Schwemling, Ph and Serin, L and Trocme, B and Unal, G and
                      Vincter, M and Wilkens, H",
      title        = "{In situ commissioning of the ATLAS electromagnetic calorimeter with cosmic muons}",
      journal      = "ATL-LARG-PUB-2007-013",
      year         = "2007",
}

@article{Aad:2011mk,
      author         = "{Aad, G. and others}",
      title          = "{Electron performance measurements with the ATLAS detector using the 2010 LHC proton-proton collision data}",
      collaboration  = "{ATLAS}",
      journal        = "{Eur.Phys.J.}",
      volume         = "C72",
      pages          = "1909",
      doi            = "10.1140/epjc/s10052-012-1909-1",
      year           = "2012",
      eprint         = "1110.3174",
      archivePrefix  = "arXiv",
      primaryClass   = "hep-ex",
      reportNumber   = "CERN-PH-EP-2011-117",
      SLACcitation   = "%%CITATION = ARXIV:1110.3174;%%",
}

@article{ATLAS-CONF-2011-028,
       author = "{ATLAS Collaboration}",
       title        = "{ATLAS Calorimeter Response to Single Isolated Hadrons and Estimation of the Calorimeter Jet Scale Uncertainty}",
      journal       = "ATLAS-CONF-2011-028",
      year         = "2011",
}



@article{Abbiendi:2002vt,
      author         = "Abbiendi, G. and others",
      title          = "{Inclusive analysis of the b quark fragmentation function
                        in Z decays at LEP}",
      collaboration  = "OPAL Collaboration",
      journal        = "Eur.Phys.J.",
      volume         = "C29",
      pages          = "463-478",
      doi            = "10.1140/epjc/s2003-01229-x",
      year           = "2003",
      eprint         = "hep-ex/0210031",
      archivePrefix  = "arXiv",
      primaryClass   = "hep-ex",
      reportNumber   = "CERN-EP-2002-051",
      SLACcitation   = "%%CITATION = HEP-EX/0210031;%%",
}

@article{Abe:2002iq,
      author         = "Abe, Koya and others",
      title          = "{Measurement of the b quark fragmentation function in Z0
                        decays}",
      collaboration  = "SLD Collaboration",
      journal        = "Phys.Rev.",
      volume         = "D65",
      pages          = "092006",
      doi            = "10.1103/PhysRevD.66.079905, 10.1103/PhysRevD.65.092006",
      year           = "2002",
      eprint         = "hep-ex/0202031",
      archivePrefix  = "arXiv",
      primaryClass   = "hep-ex",
      reportNumber   = "SLAC-PUB-9087",
      SLACcitation   = "%%CITATION = HEP-EX/0202031;%%",
}


@article {BowlerLund,
   author = "{Bowler, M. G.}",
   affiliation = "{Nuclear Physics Laboratory University of Oxford OX1 3QU Oxford UK}",
   title = "{Production of heavy quarks in the string model}",
   journal = "{Zeitschrift fur Physik C Particles and Fields}",
   publisher = "{Springer Berlin / Heidelberg}",
   issn = "{0170-9739}",
   keyword = "{Physics and Astronomy}",
   pages = "{169-174}",
   volume = "{11}",
   issue = "{2}",
   url = "{http://dx.doi.org/10.1007/BF01574001}",
   note = "{10.1007/BF01574001}",
   year = "{1981}",
}

@article{Cornelissen:1020106,
      author       = "Cornelissen, T and Elsing, M and Fleischmann, S and Liebig,
                      W and Moyse, E and Salzburger, A",
      title        = "{Concepts, Design and Implementation of the ATLAS New
                      Tracking (NEWT)}",
      journal       = "{ATL-SOFT-PUB-2007-007. ATL-COM-SOFT-2007-002}",
      year         = "2007",
}


@article{1933RSPTA.231..289N,
   author = {Neyman, J. and Pearson, E.S.},
    title = "{On the Problem of the Most Efficient Tests of Statistical Hypotheses}",
  journal = {Royal Society of London Philosophical Transactions Series A},
     year = 1933,
   volume = 231,
    pages = {289-337},
      doi = {10.1098/rsta.1933.0009},
   adsurl = {http://adsabs.harvard.edu/abs/1933RSPTA.231..289N},
  adsnote = {Provided by the SAO/NASA Astrophysics Data System},
}


@article{Kostyukhin:685551,
      author       = "Kostyukhin, V",
      title        = "VKalVrt - package for vertex reconstruction in ATLAS.",
      journal       = "ATL-PHYS-2003-031",
      month        = "Aug",
      year         = "2003",
}

@article{ATLAS-CONF-2012-024,
      author = "{ATLAS Collaboration}",
      title        = "{Statistical combination of top quark pair production cross-section measurements using dilepton, single-lepton, and all-hadronic final states at $\sqrt{s} = 7$~TeV with the ATLAS detector}",
      journal       = "ATLAS-CONF-2012-024",
      month        = "Mar",
      year         = "2012",
}

@article{ATLAS-CONF-2012-097,
      author = "{ATLAS Collaboration}",
      title  = "{Measuring the b-tag efficiency in a top-pair sample with 4.7 fb-1 data from the ATLAS detector}",
      journal = "ATLAS-CONF-2012-097",
      year    = "2012",
}

@article{ATLAS-CONF-2012-040,
      author = "{ATLAS Collaboration}",
      title        = "{Measurement of the Mistag Rate with 5 fb$^{âˆ’1}$ of Data Collected by the ATLAS Detector}",
      journal      = "ATLAS-CONF-2012-040",
      year         = "2012",
}


@article{QUINLAN1999497,
title = "Simplifying decision trees",
journal = "International Journal of Human-Computer Studies",
volume = "51",
number = "2",
pages = "{497 - 510}",
year = "1999",
issn = "{1071-5819}",
doi = "{10.1006/ijhc.1987.0321}",
url = "http://www.sciencedirect.com/science/article/pii/S1071581987603216",
author = "{Quinlan, J.R.}",
}

@article{KDE,
      author       = "{Scott, D.W.}",
      title        = "{Multivariate Density Estimation: Theory, Practice, and Visualization}",
      journal    = "{John Wiley and Sons, Inc. United States}",
      year         = "1992",
}


@article{AHG:AHG2137,
 author = "{FISHER, R. A.}",
 title = "{The use of multiple measurements in taxonomic problems}",
 journal = "{Annals of Eugenics}",
 volume = "{7}",
 number = "{2}",
 publisher = "{Blackwell Publishing Ltd}",
 issn = "{2050-1439}",
 url = "{http://dx.doi.org/10.1111/j.1469-1809.1936.tb02137.x}",
 doi = "{10.1111/j.1469-1809.1936.tb02137.x}",
 pages = "{179-188}",
 year = "1936",
}
